<record><leader>00000cas a2200000 a 4500</leader><controlfield tag="001">12356123</controlfield><controlfield tag="008">850807d19131915ksuwr ne      0    0eng d</controlfield><datafield ind1=" " ind2=" " tag="010"><subfield code="a">sn 85031964 </subfield></datafield><datafield ind1=" " ind2=" " tag="040"><subfield code="a">KSH</subfield><subfield code="b">eng</subfield><subfield code="c">KSH</subfield><subfield code="d">NPT</subfield><subfield code="d">OCL</subfield><subfield code="d">OCLCQ</subfield></datafield><datafield ind1=" " ind2=" " tag="042"><subfield code="a">msc</subfield></datafield><datafield ind1="0" ind2=" " tag="130"><subfield code="a">Norton telegram (Norton, Kan. : 1913)</subfield></datafield><datafield ind1="1" ind2="0" tag="245"><subfield code="a">Norton telegram.</subfield></datafield><datafield ind1="3" ind2="0" tag="246"><subfield code="a">Norton weekly edition telegram</subfield></datafield><datafield ind1="1" ind2="3" tag="246"><subfield code="a">Norton weekly telegram</subfield><subfield code="f">Apr. 22, 1914</subfield></datafield><datafield ind1=" " ind2=" " tag="260"><subfield code="a">Norton, Kan. :</subfield><subfield code="b">Mrs. Hattie Garland, Will E. Garland,</subfield><subfield code="c">1913-1915.</subfield></datafield><datafield ind1=" " ind2=" " tag="300"><subfield code="a">3 v. :</subfield><subfield code="b">ill. ;</subfield><subfield code="c">53 cm.</subfield></datafield><datafield ind1=" " ind2=" " tag="310"><subfield code="a">Weekly</subfield></datafield><datafield ind1="0" ind2=" " tag="362"><subfield code="a">Vol. 7, no. 33 (Oct 1, 1913)-v. 10, no. 2 (Feb. 17, 1915).</subfield></datafield><datafield ind1=" " ind2=" " tag="500"><subfield code="a">Sometimes published as: Norton weekly edition telegram.</subfield></datafield><datafield ind1=" " ind2=" " tag="500"><subfield code="a">Published by Will E. Garland, Nov. 12, 1913-Feb. 17, 1915.</subfield></datafield><datafield ind1=" " ind2=" " tag="515"><subfield code="a">Numbering is irregular.</subfield></datafield><datafield ind1=" " ind2=" " tag="580"><subfield code="a">Also issued in a daily edition called: Norton daily telegram (Norton, Kan. : 1911).</subfield></datafield><datafield ind1=" " ind2=" " tag="752"><subfield code="a">United States</subfield><subfield code="b">Kansas</subfield><subfield code="c">Norton</subfield><subfield code="d">Norton.</subfield></datafield><datafield ind1="1" ind2=" " tag="775"><subfield code="t">Norton daily telegram (Norton, Kan. : 1911)</subfield><subfield code="w">(DLC)sn 85031959</subfield></datafield><datafield ind1="0" ind2="0" tag="780"><subfield code="t">Telegram (Norton, Kan. : Weekly)</subfield><subfield code="w">(DLC)sn 85031571</subfield></datafield><datafield ind1="0" ind2="0" tag="785"><subfield code="t">Norton weekly telegram</subfield><subfield code="w">(DLC)sn 85031963</subfield></datafield></record>